3136 5036
582 390 801 445 Praefatio.
1219 393 1267 456 ΙΙΙ

117 589 244 653 corbeie.
273 587 355 652 alius
383 588 491 651 antem
515 586 619 650 scriba
641 586 776 650 fortasse
802 585 869 649 stili
891 586 1044 668 probandi
1068 605 1164 651 causa
1189 586 1265 650 haec

117 693 278 776 ascripsit:
313 693 409 760 trimo
441 695 575 772 temporo
608 689 761 754 albateco
793 699 814 752 ἔ
839 675 891 754 ἶνα
922 692 1065 768 zabulon,
1100 693 1184 775 quud
1218 695 1267 757 est

117 801 241 864 initium
289 799 403 882 capitis
438 798 500 862 Vll
537 815 650 862 uersus
687 799 703 862 1
737 797 850 862 Esaiae
883 799 1055 881 prophetae
1089 799 1265 865 secundum

119 907 280 990 uulgatam
308 905 498 970 uersionem.
528 905 559 970 in
587 904 656 969 folii
686 905 717 967 1¹²
740 905 882 989 margine
913 925 1038 970 summo
1071 906 1185 970 iterata
1218 910 1267 970 est

118 1033 211 1078 manu
220 1013 438 1078 Maurinorum
448 1011 629 1092 inscriptio:
641 1009 913 1074 Relruclota'onum
928 1010 960 1076 S.
975 1013 1147 1094 serpentini
1158 1009 1163 1098 t
1174 1011 1266 1075 Libri

117 1119 197 1196 llum
222 1119 335 1184 deinde
358 1119 422 1182 iam
447 1117 587 1201 capitula
608 1117 762 1182 librorum
787 1120 980 1183 enarrantur.

159 1227 196 1290 In
232 1227 318 1290 calce
352 1228 459 1288 autern
492 1223 576 1302 libri,
609 1224 663 1289 fol.
697 1226 762 1303 65³,
797 1225 932 1306 scriptae
964 1225 1116 1308 leguntur
1142 1225 1267 1290 litterae

6 1295 7 1298 Ἴ
122 1333 210 1396 ΟΤΙ)
233 1338 264 1410 1,
290 1350 368 1414 quas
399 1331 543 1412 sequitur
570 1333 646 1395 nota
677 1330 930 1414 bibliographica
957 1332 1067 1415 lingua
1096 1334 1128 1395 ct
1149 1332 1267 1396 litteris

118 1439 259 1504 Rossicis
292 1437 481 1519 conscripta.
509 1437 590 1502 infra
618 1439 697 1502 haec
725 1439 822 1502 uerba
851 1458 869 1501 a
899 1458 938 1503 m.
968 1439 1028 1502 XII
1053 1438 1107 1502 uel
1133 1439 1212 1503 XHI
1241 1458 1265 1503 s.

6 1599 8 1636 ὲ
118 1546 235 1628 scripta
255 1548 344 1609 sunt:
366 1543 445 1607 liber·
468 1546 571 1608 saucii
588 1545 674 1624 petri
698 1543 814 1608 corbeie
838 1544 1041 1626 quassantes
1055 1544 1159 1628 fuerit
1172 1543 1175 1632 l
1188 1566 1267 1608 uuo-

6 1645 7 1650 ’
116 1651 216 1715 titensa
234 1653 277 1715 sit
290 1648 313 1738 ll.
330 1649 504 1716 Oetesunas
522 1638 581 1733 eps
594 1671 705 1716 seruus
727 1672 891 1715 seruorum
915 1651 966 1713 oet
990 1651 1098 1715 dilecto
1114 1652 1188 1735 filio
1210 1672 1267 1716 suo

6 1775 7 1788 ¹
117 1745 193 1823 moi·
219 1745 371 1822 Cerbereo
393 1742 484 1846 psall
511 1763 539 1822 et
566 1745 704 1839 epileum
732 1744 959 1822 benedicturum.
989 1757 1044 1821 Ab
1071 1757 1268 1822 eradicatione

116 1865 310 1947 apostolatus
323 1852 372 1928 rm
375 1865 403 1948 1)
417 1864 421 1952 l
433 1869 465 1930 et
483 1868 555 1948 post
571 1865 710 1947 spatium
725 1883 863 1928 uacuum
878 1866 976 1928 trium
990 1884 1141 1929 uersuum
1158 1863 1265 1929 eadem

118 1992 227 2037 manus
260 1973 344 2036 huno
376 1972 572 2037 uersiculum
605 1971 741 2036 addidit:
778 1970 858 2035 Oura
883 1993 908 2052 p
942 1976 1003 2034 tres
1036 1991 1127 2035 rusus
1153 1975 1269 2033 aerata-rt

6 2135 8 2168 p
113 2099 212 2161 penus
234 2079 373 2158 opttrceut
389 2079 477 2160 plau.

160 2185 323 2249 Librarius
357 2185 455 2250 uerba
487 2186 661 2248 atramento
694 2184 812 2267 pallido
851 2185 1008 2266 scriptura
1044 2184 1268 2268 langobardica

119 2293 268 2370 marcuit,
296 2291 518 2374 inscriptiones
552 2295 657 2355 autem
692 2291 843 2373 capitum,
876 2291 1032 2374 imprimis
1069 2291 1161 2356 initio
1194 2290 1267 2354 libri

118 2401 180 2464 lere
200 2399 318 2483 ubique
337 2399 453 2464 litteris
473 2398 652 2463 uncialibus
672 2399 717 2463 ita
737 2399 875 2480 scripsit,
895 2402 931 2464 ut
949 2399 1088 2480 primum
1109 2417 1266 2481 quemque

119 2525 246 2570 uersum
270 2505 367 2569 minio
391 2505 515 2588 pictum
540 2506 620 2569 alter
643 2508 804 2587 sequatur,
830 2505 884 2587 qui
907 2505 1002 2569 uiridi
1032 2506 1136 2570 colore
1164 2504 1266 2568 illitus

119 2616 175 2690 est,
203 2612 319 2676 tertius
347 2631 457 2676 rursus
486 2611 665 2676 rubricatus
699 2612 741 2678 sit
773 2615 868 2693 atque
901 2612 947 2676 ita
979 2611 1074 2676 ceteri
1109 2611 1266 2692 deinceps.

120 2737 334 2800 nonnusquam
360 2721 479 2799 antem,
504 2717 638 2782 maxime
663 2719 722 2782 sub
746 2717 841 2782 finem
865 2718 938 2781 libri
958 2716 1062 2800 (uelut
1080 2718 1112 2781 in
1132 2736 1200 2798 cap.
1225 2716 1267 2796 ll,

118 2827 167 2889 27.
192 2825 244 2890 33.
269 2827 320 2890 35.
345 2826 396 2890 36.
421 2825 473 2889 37.
494 2826 635 2890 38-41.
660 2826 699 2888 77
726 2826 808 2907 sqq.)
831 2829 932 2908 prima
955 2826 1009 2889 uel
1033 2824 1147 2889 ultima
1171 2825 1267 2888 uerba

118 2932 257 3014 capitum
278 2931 418 2996 miniatis
441 2932 495 2996 uel
519 2932 677 2996 uiridibus
701 2931 818 2996 litteris
838 2932 1016 2996 uncialibus
1036 2933 1112 2994 sunt
1131 2932 1265 3014 depicta,

118 3057 191 3101 eum
214 3037 305 3102 tituli
327 3039 390 3121 ipsi
414 3039 554 3122 capitum
576 3039 693 3104 litteris
717 3039 949 3123 langobardicis
974 3038 1163 3102 minusculis
1187 3043 1267 3102 atra-

118 3149 220 3212 mento
247 3147 336 3230 nigro
362 3146 473 3230 scripti
497 3147 570 3211 sint.
628 3221 631 3227 ,

160 3253 235 3316 Tres
252 3257 359 3317 autem
375 3253 592 3318 emendatores
607 3253 696 3332 liber,
715 3255 885 3336 postquam
906 3255 1049 3320 exaratus
1072 3256 1130 3330 est,
1150 3271 1266 3334 passus

117 3377 185 3424 esse
213 3359 349 3422 uidetur.
378 3363 472 3441 atque
501 3361 622 3443 primus
651 3360 780 3443 quidem
808 3363 911 3424 aetate
939 3360 1059 3424 librarii
1092 3363 1266 3423 atramento

116 3465 224 3528 eodem
258 3466 391 3548 pallenti
419 3486 524 3549 pauca
552 3468 705 3550 quaedam
733 3467 847 3530 menda
876 3467 914 3530 ad
943 3468 1100 3548 exemplar
1124 3466 1266 3529 eiusdem

118 3572 197 3651 libri,
227 3572 311 3636 unde
341 3572 364 3637 O
393 3573 574 3657 descriptus
604 3578 663 3651 est,
692 3575 864 3638 sustulisse
894 3573 1069 3638 censendus
1099 3577 1158 3650 est,
1193 3591 1266 3637 cum

117 3678 223 3760 lapsus
253 3679 424 3744 nonnullos
454 3681 567 3744 calami
596 3682 767 3764 corrigeret
794 3681 846 3744 uel
874 3680 1104 3763 dittographias
1137 3679 1266 3744 deleret.

118 3787 243 3849 nonita
266 3786 444 3850 uerecunde
469 3806 535 3851 rem
559 3788 660 3872 gessit
684 3789 772 3865 alter,
798 3787 851 3870 qui
874 3806 937 3851 uno
963 3787 1026 3850 fere
1047 3786 1173 3850 saeculo
1193 3788 1268 3866 post

118 3892 202 3975 nigro
232 3895 407 3957 atramento
429 3895 535 3974 'rrerba
564 3895 759 3970 emendauit3
788 3894 851 3958 iste
885 3893 967 3958 enim
1001 3892 1078 3958 adeo
1109 3891 1173 3956 sibi
1206 3911 1266 3956 non

162 4206 180 4273 ¹)
204 4207 303 4262 Gillert
324 4208 343 4262 l.
367 4209 385 4260 l.
409 4225 457 4277 per
482 4209 722 4262 errorem-alberto¹
749 4227 796 4278 pro
825 4198 894 4262 affl
913 4212 957 4276 (z
984 4209 1091 4276 abboli)
1117 4211 1145 4262 et
1177 4205 1267 4259 nostri
1345 4199 1346 4202 ’

118 4312 163 4362 pru
182 4298 221 4350 uri
241 4297 318 4366 legit.

1199 4400 1229 4452 a*
