3128 5026
514 340 630 393 Liber
657 339 684 392 II
713 356 787 408 cap.
817 340 922 393 9‘2-93
1219 343 1282 404 205

142 581 166 647 (1
176 581 224 632 ait.
234 596 268 634 m.
280 582 309 644 2)
324 535 489 632 nnousri
492 535 498 566 ¹
520 578 552 645 (u
567 594 600 632 m.
615 579 645 644 2)
659 563 766 632 uperi
784 575 943 630 ⁴onmem
959 578 1067 631 mans
1081 575 1282 631 usualem-

141 650 254 724 orou'u
274 665 471 721 susumus.
494 665 523 728 o,
544 664 577 718 os
597 667 702 734 granas
721 684 799 719 amen
813 666 851 728 n,
871 666 931 720 finit
949 671 993 736 (m.
1013 671 1043 730 r)
1061 666 1165 720 nunu
1183 666 1283 720 simu

141 760 183 823 (m.
199 761 224 825 1)
242 745 301 810 m‘s
321 743 628 809 nurnlommou'ir
648 761 692 821 (m.
713 759 742 820 2)
762 753 805 822 m,
828 754 996 810 uxrmom
1019 753 1283 811 unrnnornmo-

139 844 229 900 nun.
244 844 361 897 risun.
376 843 410 897 n.
425 843 575 897 nonum
588 843 788 897 noonsmm
805 829 868 896 ir‘m
886 842 1143 896 nrrronmnsrs
1161 841 1282 896 anons

140 935 178 999 Η,
208 932 431 988 memorum
458 921 769 987 nursnommonri
791 921 850 988 soi
873 931 1072 987 uooosmnr
1099 921 1159 984 nm
1186 931 1284 984 nram

140 1022 214 1076 noo
240 1023 271 1086 r,
294 1021 397 1076 nunu
416 1021 445 1088 o,
469 1021 571 1075 nunu
594 1025 654 1088 (om.
674 1021 740 1092 no)
763 1021 985 1076 nxrmorour
1003 1021 1153 1075 aunum
1170 1019 1283 1075 noeo-

141 1138 237 1192 STINI
256 1137 423 1192 EPISCOPI
441 1125 745 1192 RRTRACTATIONII
762 1138 862 1191 LIBRI
880 1137 955 1194 DUO
975 1137 1096 1206 Foro,
1114 1137 1192 1205 Expl.
1211 1137 1225 1188 I
1242 1104 1283 1188 rei

139 1229 174 1295 B,
184 1225 351 1280 EXPLICIT
364 1215 672 1282 ΕΕΤΒΑΟΤΑΤΙΟΝῙ]
685 1227 830 1281 DOMPNI
842 1227 1041 1282 AUGUSTINI
1054 1228 1116 1296 (om.
1126 1227 1162 1292 P)
1176 1225 1284 1279 LIBER

142 1313 333 1370 SECUNDUS
356 1314 412 1382 ΟΡ,
436 1314 658 1370 EXPLICIUNT
680 1315 780 1370 LIBRI
802 1315 877 1371 DUO
900 1303 1203 1370 RETRAOTATION'U
1221 1315 1283 1368 AU-

140 1402 240 1455 RELII
260 1401 461 1456 AUGUSTINI
478 1402 647 1457 EPISCOPI
664 1405 695 1459 E
804 1404 894 1459 ΕΕΗ
904 1411 1051 1474 praetereo
1070 1403 1192 1456 addoni:
1210 1402 1283 1455 Libri

141 1493 186 1560 qui
214 1494 277 1561 post
300 1491 414 1544 istorum
438 1491 585 1545 editionem
610 1493 838 1563 (emendationem
860 1493 927 1564 ΕΕ)
950 1512 966 1547 a
989 1482 1037 1547 seb
1063 1479 1114 1563 epo
1139 1492 1282 1561 augustino

140 1581 295 1648 (augustino
320 1582 446 1649 episcopo
465 1579 505 1646 E)
528 1582 622 1650 scripti
645 1584 803 1650 (conscripti
820 1583 892 1649 EF)
917 1587 945 1636 et
969 1587 1030 1648 (om.
1049 1583 1091 1649 Ε)
1115 1581 1183 1634 editi
1205 1583 1282 1643 sunt;

140 1671 362 1722 retractationum
385 1670 438 1740 ipsi
463 1669 520 1736 (isti
538 1670 579 1737 Ε)
601 1670 665 1725 libri
684 1673 745 1727 (luo.
764 1674 833 1727 liber
852 1673 899 1742 qui
917 1672 1070 1741 appellatur
1092 1670 1230 1740 speculum
1250 1670 1282 1722 de

139 1758 305 1811 testimoniis
324 1759 515 1828 scripturarum
533 1761 709 1827 (scribturaru
727 1763 776 1830 Η).
801 1762 835 1816 ad
853 1779 1009 1832 prosperum
1029 1765 1057 1814 et
1078 1760 1204 1813 hilarium
1223 1760 1282 1828 (bp-

139 1846 235 1899 larium
259 1847 329 1914 FH)
355 1847 388 1901 de
414 1851 568 1901 sanctorum
593 1850 843 1920 praedestinatione
872 1850 1125 1920 (praedistinatione
1152 1849 1194 1914 H)
1220 1848 1283 1901 libri

140 1934 200 1988 duo.
221 1935 254 1988 ad
275 1935 477 2004 quoduuldeum
501 1937 577 2004 (sici)
601 1938 744 1993 diaconum
768 1940 801 1993 de
819 1940 959 1993 heresibus
982 1941 1043 2007 (om.
1063 1939 1103 2006 Ε)
1123 1938 1186 1990 libri
1204 1937 1283 2004 (liber

139 2022 181 2091 H)
201 2022 263 2076 dno.
284 2028 377 2077 contra
396 2027 474 2093 gesta
489 2025 585 2080 habita
600 2045 659 2081 curn
674 2029 817 2082 maximino
834 2030 999 2081 arrianorum
1014 2028 1139 2097 episeopo
1155 2014 1227 2096 (epm
1241 2027 1283 2092 Η)

140 2112 266 2178 quoniam
290 2113 348 2165 dies
372 2130 424 2182 quo
448 2119 604 2183 praesentes
629 2117 806 2171 conferebant
829 2117 1013 2186 disputatione
1032 2117 1089 2169 eius
1112 2115 1216 2184 prolixa
1234 2114 1280 2166 ab·

78 2259 81 2266 .
139 2205 262 2270 sumptus
288 2205 454 2270 (assumptus
472 2204 510 2268 Ε)
534 2208 577 2257 est
598 2204 662 2258 libri
685 2206 746 2260 duo.
767 2210 860 2260 contra
878 2206 1009 2258 iulianum
1026 2205 1199 2274 pelagianum
1217 2203 1281 2256 libri

139 2305 192 2341 ser.
212 2291 357 2358 septimum
376 2306 440 2343 uero
456 2290 636 2360 inperfectum
650 2295 762 2364 reliquit
776 2295 897 2362 (reliquit
910 2295 1089 2364 inperfectum
1103 2294 1141 2359 F)
1155 2296 1281 2345 octauum

139 2381 229 2430 autem
257 2395 306 2431 neo
335 2379 438 2448 attigit.
467 2384 531 2432 sunt
559 2383 629 2435 enim
657 2384 743 2453 ipsius
766 2384 880 2437 heretici
906 2384 1044 2448 (hereticis
1067 2383 1111 2450 H)
1134 2381 1196 2434 libri
1220 2385 1280 2434 octo

139 2464 235 2533 quibus
255 2464 395 2536 respondit
414 2465 471 2518 eius
491 2467 574 2521 uerba
593 2487 695 2554 ponnus
715 2473 877 2540 (proponens
890 2471 929 2538 Ε)
948 2471 1039 2540 eisque
1054 2469 1220 2538 subiungens
1238 2485 1280 2520 re-

137 2555 295 2621 sponsiones
319 2573 388 2608 suas.
408 2554 443 2607 H
463 2556 603 2627 adiunyit:
627 2561 677 2614 Do
703 2558 868 2614 GRATIAS:
894 2585 927 2605 u
945 2560 1041 2614 LEGE
1060 2559 1168 2613 FELIX
1185 2557 1279 2611 FELI-

138 2640 244 2695 CITER
263 2644 306 2696 ΕΤ
325 2641 502 2697 ΜΕΜΕΝΤΟ
522 2645 601 2702 MEI:
621 2675 654 2694 fv
674 2649 751 2703 ΗΕΚ
