3136 5036
528 1069 923 1181 rulurlrro.

195 1321 234 1423 S.
264 1357 413 1422 Aurelius
441 1357 644 1440 Augustinus
676 1377 748 1421 cum
782 1358 841 1422 sub
875 1357 969 1420 finem
1001 1357 1087 1422 uitae
1120 1357 1236 1422 laboris
1265 1360 1297 1421 et

150 1466 361 1530 contentionis
381 1465 491 1546 plenae
511 1484 626 1528 annum
646 1464 758 1530 aetatis
773 1465 837 1528 fere
857 1464 1128 1547 septuagesimum
1148 1467 1296 1546 quartum

150 1591 248 1657 agens
265 1592 291 1636 a.
306 1572 370 1635 427
385 1572 494 1649 libros,
511 1589 589 1652 quos
604 1570 676 1634 inde
692 1571 730 1634 ab
745 1571 874 1634 ineunte
889 1570 1104 1635 adulescentia
1118 1571 1296 1654 scripserat,

148 1682 273 1762 praeter
297 1679 451 1762 epistulas
477 1681 508 1742 et
531 1696 693 1742 sermones
720 1696 946 1762 recognoscere
974 1677 1208 1762 aggrederetur,
1237 1678 1297 1760 pri-

149 1805 239 1850 mum
262 1785 295 1848 id
320 1786 396 1869 egit,
420 1787 458 1849 ut
481 1787 657 1868 exponeret,
684 1804 745 1868 quo
774 1787 953 1866 temporum
982 1786 1089 1850 ordine
1118 1786 1297 1868 quibusque

151 1892 189 1956 de
229 1885 600 1974 ¹causis‚unusquisque
641 1894 729 1956 ortus
767 1894 862 1968 esset,
899 1896 967 1956 tum
1011 1895 1126 1972 autern,
1167 1895 1204 1956 ut
1245 1912 1297 1956 eas

152 1998 336 2077 sententias,
353 1999 468 2082 quibus
484 1999 646 2077 haeretiei,
661 1998 818 2081 imprimis
828 1999 1002 2082 Pelagium,
1018 2001 1056 2064 ad
1072 1999 1298 2064 defendendam

151 2105 313 2168 haeresem
342 2124 433 2170 suam
461 2105 550 2169 abuti
578 2108 719 2188 possent,
748 2105 802 2169 uel
830 2106 1012 2188 explicando
1038 2108 1090 2170 uel
1114 2107 1297 2191 corrigendo

153 2211 305 2275 subdolae
329 2231 437 2276 eorum
462 2215 494 2276 et
521 2211 689 2277 maliuolae
716 2212 969 2294 interpretationi
998 2217 1206 2296 extorqueret.
1236 2232 1297 2296 quo

154 2317 356 2396 factumest,
381 2323 418 2383 ut
441 2319 599 2402 prioribus
624 2317 788 2399 opusculis
813 2318 881 2381 eius
911 2317 972 2383 duo
1000 2320 1074 2384 libri
1102 2321 1297 2398 accederent,

156 2443 232 2504 quas
246 2424 316 2506 ipse
330 2426 581 2490 Retractationes
601 2444 800 2506 nuncupasse
819 2426 954 2490 uidetur.
974 2447 1107 2509 quarum
1128 2427 1298 2492 editionem

156 2549 226 2594 cum
251 2532 330 2595 mihi
348 2533 520 2596 Academia
537 2532 715 2595 litterarum
734 2531 988 2597 Vindoboncusis
1008 2533 1208 2612 iniunxisset,
1227 2537 1298 2597 ante

156 2637 260 2701 omnia
274 2631 446 2716 elaboraui,
466 2641 503 2702 ut
526 2639 684 2721 quotquot
700 2637 849 2721 indagare
868 2640 959 2722 potui
978 2640 1103 2705 codices
1127 2644 1298 2706 conferrem

156 2744 207 2806 uel
242 2745 449 2809 conferendos
478 2765 630 2823 curarem,
660 2765 792 2827 quorum
821 2745 964 2811 subsidio
998 2747 1127 2812 adiutus
1159 2750 1299 2813 laborem

157 2849 305 2913 subirem.
862 2937 864 2942 ι
1124 2861 1128 2866 “

198 2957 287 3021 Libri
318 2959 536 3040 manuscripti,
566 2958 682 3042 quibus
710 2957 962 3024 Retraotationes
990 2961 1125 3024 traditae
1155 2966 1239 3040 sunt,
1268 2964 1298 3027 in

158 3063 234 3128 duas
261 3065 397 3149 familias
423 3066 601 3131 discedunt.
626 3065 756 3130 alterius
780 3065 918 3152 familiae
943 3070 975 3130 et
998 3071 1101 3131 aetate
1126 3072 1158 3133 et
1181 3069 1299 3134 uirtute

156 3169 330 3253 principem
353 3171 460 3236 locum
485 3173 606 3237 obtinet
630 3173 727 3237 codex
760 3172 881 3237 Petro
890 3173 1137 3260 politanus1)
1167 3191 1196 3242 n.
1228 3177 1344 3242 lesu

157 3276 189 3342 L.
227 3276 300 3343 Old.
332 3280 348 3341 1
377 3281 646 3358 membranaceus
670 3281 743 3344 0·27
769 3300 799 3342 m
829 3281 923 3358 altus,
949 3283 1199 3361 0·17mlatus
1225 3283 1301 3348 VIII

159 3400 183 3446 s.
212 3384 340 3460 litteris,
370 3404 449 3468 quae
482 3385 723 3470 langobardicae
755 3391 919 3464 uocantur,
953 3393 1108 3452 exaratus.
1142 3391 1300 3472 specimen

159 3490 331 3572 scripturae
369 3492 569 3557 simillimum
606 3495 656 3557 est
691 3493 776 3575 apud
808 3493 910 3557 Arndt
942 3492 1160 3576 Sebrifdafcln
1191 3497 1249 3563 oet.
1282 3495 1308 3558 Ι

160 3597 216 3662 led.
257 3597 310 3661 VI
335 3600 379 3664 cd.
412 3605 442 3664 3.
478 3601 560 3665 liber
596 3601 671 3664 olim
709 3601 893 3664 monasterii
926 3619 950 3664 s.
983 3603 1069 3666 Petri
1102 3603 1300 3668 corbeiensis

161 3707 233 3776 erat,
265 3706 322 3770 ubi
360 3708 455 3772 etiam
490 3708 627 3790 scriptus
665 3726 735 3771 esse
772 3707 909 3773 uidetur.
947 3709 1029 3774 unde
1068 3712 1150 3775 ctrea
1186 3730 1302 3774 aunum

163 3811 244 3875 1638
268 3816 396 3895 propter
418 3815 527 3877 turbas
557 3812 686 3876 bellicas
714 3813 746 3876 in
774 3814 1001 3878 monasterium
1025 3818 1125 3880 saneti
1154 3815 1302 3881 Germani

162 3934 178 3977 a
212 3918 316 3983 Pratis
354 3920 495 3984 Parisios
534 3939 605 3983 curn
646 3921 717 3984 aliis
755 3921 903 4002 pretiosis
940 3923 1164 4004 manuscriptis
1203 3927 1303 3986 trans-

161 4022 243 4087 latus
281 4027 339 4102 est,
376 4026 408 4089 id
447 4026 530 4108 quod
561 4026 706 4108 pluribus
743 4025 924 4108 Leopoldus
965 4027 1082 4092 Delisle
1124 4029 1154 4092 in
1199 4049 1302 4110 opere,

198 4162 217 4233 ¹)
235 4165 301 4234 Agit
315 4165 348 4218 de
363 4165 456 4219 codice
471 4164 569 4219 Gillert
582 4165 618 4220 N.
635 4165 737 4219 Arcbe‘o
752 4165 799 4218 dor
816 4165 998 4234 Gceeltecbest
1011 4168 1061 4234 seir
1075 4169 1159 4221 ditare
1178 4169 1303 4223 deutsche

165 4251 409 4310 Geeclce'cbtebuude
432 4255 463 4308 V.
484 4259 596 4322 (1880.)

187 4390 278 4430 XXXVI
291 4389 349 4437 Aug.
365 4387 436 4426 sectio
451 4386 462 4424 1
476 4393 528 4432 pars
542 4381 554 4422 2
1256 4379 1268 4413 u
