3136 5036
666 337 886 392 Praefatio.
1257 340 1349 404 XVII

193 535 317 598 ouum
334 535 428 612 altus,
444 536 563 600 baono
581 537 678 612 latus,
700 555 725 600 s.
743 535 813 612 XII,
838 535 1069 612 miscellaneus,
1085 534 1171 598 ¹binis
1191 533 1347 598 columnis

194 646 355 722 exaratus,
390 644 515 708 a‘folio
542 645 583 709 1¹·
607 644 646 708 ad
678 643 790 708 solium
825 645 891 707 31‘·
912 645 1080 728 prologum
1114 645 1145 707 et
1177 645 1348 725 utrumque

191 748 317 814 librum
342 769 413 816 cum
439 750 587 834 capitulis
611 751 761 816 continet.
787 751 927 834 capitula
954 769 1028 815 uero
1057 749 1116 814 hac
1142 749 1348 833 inscriptione

193 857 376 938 praemissa
404 859 609 942 praecedunt:
639 857 803 940 Incipiunt
835 859 975 922 breues
1012 858 1164 924 librorum
1198 861 1348 922 retractu-

195 964 322 1028 caoaom
340 950 386 1029 s-ci
404 966 577 1049 aupustiui,
596 966 627 1030 in
647 965 750 1031 fronte
770 968 876 1030 autem
895 968 927 1030 et
945 966 977 1030 in
995 965 1056 1032 fine
1078 966 1152 1031 libri
1176 967 1237 1031 duo
1261 965 1347 1042 folia,

196 1072 319 1154 quibus
338 1073 504 1138 inuolutus
529 1076 587 1152 est,
611 1093 711 1140 uacua
735 1073 847 1138 relicta
871 1077 955 1144 sunt.
979 1073 1041 1138 fuit
1065 1074 1139 1137 olim
1165 1073 1348 1139 monasterii

196 1197 222 1241 s.
255 1177 403 1245 Germani
432 1181 587 1261 aPratis,
616 1181 648 1245 in
682 1181 773 1247 curius
805 1181 1000 1246 bibliotheca
1032 1181 1091 1245 sub
1124 1199 1254 1245 numero
1283 1181 1346 1246 227

194 1286 291 1368 (olim
319 1288 399 1374 220)
424 1289 662 1364 asser-canatum
691 1288 747 1352 ubi
775 1307 848 1352 eum
876 1287 1082 1354 Montfaucon
1110 1287 1201 1364 uidit,
1231 1287 1284 1369 qui
1316 1287 1347 1350 in

196 1410 293 1474 opere
325 1393 538 1472 celeberrimo,
573 1393 625 1458 oui
657 1393 841 1458 inscribitur
867 1391 1064 1458 Bibliotheca
1095 1392 1348 1458 bibliothecarum

194 1500 221 1562 t.
242 1499 285 1578 Il,
306 1519 336 1582 p.
354 1501 439 1564 1126
459 1500 527 1564 eius
546 1501 739 1566 mentionem
758 1499 846 1566 facit.
866 1500 974 1564 insunt
991 1500 1023 1564 in
1042 1501 1105 1564 isto
1124 1500 1204 1565 libro
1225 1502 1349 1581 praeter
1383 1511 1386 1526 '

193 1604 451 1672 Retractationes
472 1607 534 1671 duo
554 1607 616 1671 alia
636 1609 790 1689 opuscula
807 1607 989 1691 Augustini,
1014 1626 1094 1689 quaa
1117 1605 1209 1671 index
1230 1606 1347 1673 littaris

194 1712 379 1777 uncialibus
411 1713 580 1778 rubricatis
612 1714 644 1777 in
676 1715 730 1779 iol.
766 1697 841 1779 ffa
873 1733 967 1778 manu
999 1714 1173 1796 posteriore
1210 1714 1347 1796 scriptus

194 1819 355 1884 nominat:
372 1819 414 1884 Iu
427 1819 482 1883 boc
497 1840 623 1902 corpore
638 1805 1345 1909 2222221221ἇὲΑ292311211121222112ον1

194 1923 232 1987 ici
262 1930 305 2006 cst
331 1925 574 1992 Retractutiouu
595 1927 674 1991 libri
701 1928 957 2015 duolEapositio
986 1926 1187 2009 quorundum
1206 1927 1348 2008 proposi·
1469 1965 1473 1975 ι

194 2033 321 2096 tionum
343 2054 385 2114 cu,
403 2035 533 2116 epistola
556 2035 599 2098 ud
622 2034 783 2100 Romanos
811 2035 890 2098 iiber
917 2031 1193 2116 uuocleupositio
1222 2033 1348 2114 epistola
1470 2101 1474 2110 ,

195 2141 241 2202 ccl
274 2139 432 2205 Galaticus
458 2126 500 2206 lib
528 2141 610 2226 uu’l.
640 2142 778 2225 scriptus
807 2146 858 2207 est
883 2141 963 2206 liber
989 2141 1020 2205 in
1054 2141 1123 2223 ipso
1156 2140 1346 2205 monasterio

195 2245 462 2330 sangermanensi
498 2267 517 2312 a
552 2248 707 2312 monacho
750 2246 938 2326 Gislcmaro,
976 2248 1060 2330 quod
1102 2266 1137 2312 en
1179 2246 1346 2311 uersiculis

194 2357 337 2436 apparet,
375 2354 430 2436 qui
466 2355 504 2418 ab
540 2355 611 2437 ipso
648 2355 776 2420 librario
812 2354 929 2420 litteris
966 2355 1145 2418 uncialibus
1182 2354 1277 2418 rubro
1315 2356 1347 2416 et

194 2459 293 2524 uiridi
316 2460 420 2526 colora
445 2461 578 2545 depictis
602 2460 634 2526 in
658 2464 744 2528 calce
767 2462 837 2527 folii
860 2463 916 2528 31¹·
935 2462 1046 2546 scripti
1070 2464 1157 2526 sunt:

358 2611 422 2676 Hic
444 2612 644 2695 Aupusiiuus
666 2633 726 2676 suu
749 2613 833 2677 dictu
855 2617 1006 2678 retractat
1027 2612 1172 2676 boucstus
1215 2633 1217 2638 ·

358 2739 416 2800 quc
443 2719 601 2784 Germane
624 2726 696 2784 tuus
719 2720 848 2802 quidum
872 2721 1055 2800 conscripsit
1077 2719 1225 2783 alumnus

362 2825 562 2890 Gisleoaurus
584 2828 620 2890 iu
642 2827 698 2890 boc
720 2828 877 2891 uocitatus
899 2828 1024 2891 uomicae
1048 2826 1126 2890 libro

257 3025 259 3028 Ι
361 2932 457 3012 &cem
480 2935 601 3016 siquis
616 2933 708 3016 scorto
732 2933 839 2996 tulerit
862 2932 1011 2998 trudatur
1034 2952 1162 2996 uuerco.

239 3085 371 3149 Librum
401 3085 595 3150 aMaurinis
623 3086 654 3149 in
684 3085 861 3150 adornanda
890 3084 1025 3149 editione
1054 3085 1243 3164 usurpatum
1273 3101 1343 3147 osse

191 3191 295 3256 lineae
322 3189 448 3256 rubrica
480 3191 594 3256 ductae
627 3191 807 3270 ostendunt,
841 3191 957 3274 quibus
991 3190 1039 3255 illi
1072 3209 1144 3255 cum
1169 3189 1241 3282 alia
1273 3193 1342 3254 tum

192 3297 312 3362 multas
347 3297 521 3380 scripturas
554 3297 768 3381 discrepantes
802 3297 914 3380 capitis
944 3300 986 3362 22
1018 3296 1092 3362 libri
1132 3296 1225 3379 primi
1257 3297 1343 3361 nota·

192 3409 320 3470 uerunt.
854 3469 856 3472 ,

240 3511 453 3576 Parisinus
468 3532 497 3575 n.
512 3513 628 3576 12160
638 3511 857 3577 Bibliothecae
867 3511 898 3575 N
900 3511 1056 3588 ationalis,
1072 3511 1340 3590 membranaceus,
1361 3510 1386 3575 Ο

193 3617 316 3682 calm
346 3618 441 3697 altus,
473 3620 591 3683 calm
621 3620 718 3700 latus,
748 3619 886 3702 scriptus
910 3617 972 3682 XII
999 3637 1024 3683 s.
1055 3618 1191 3702 singulis
1218 3616 1341 3700 paginis

191 3725 364 3807 bipartitis,
384 3725 618 3804 miscellaneae,
637 3725 710 3791 inda
729 3726 841 3791 niolio
863 3728 928 3790 72¹·
942 3725 981 3789 ad
1004 3726 1059 3790 fol.
1080 3726 1167 3789 101η
1181 3725 1341 3790 Retracta-

192 3817 297 3896 tiones
317 3832 450 3897 exhibet.
468 3832 615 3898 librarius
636 3832 776 3898 codicem
797 3836 943 3898 accurate
968 3835 1000 3898 at
1022 3831 1122 3896 nitide
1147 3831 1286 3897 exarauit
1310 3835 1341 3896 et

192 3939 285 4010 initia
312 3939 452 4022 capitum
481 3939 649 4006 artificiose
683 3939 831 4024 depinxit.
865 3959 945 4023 quae
980 3941 1134 4023 opuscula
1164 3938 1271 4016 insint,
1305 3958 1340 4002 er

193 4045 297 4110 indico
321 4049 461 4128 apparot,
486 4046 539 4128 qui
563 4065 580 4110 a
603 4065 698 4110 mauu
717 4049 891 4128 posteriore
909 4047 941 4111 in
960 4049 1047 4112 calce
1065 4045 1135 4111 folii
1156 4047 1187 4111 1¹¹
1202 4044 1339 4126 scriptus

195 4156 260 4217 est:
302 4151 345 4216 lu
385 4152 440 4216 boo
480 4151 639 4218 uolumine
680 4155 855 4218 coniicitur
890 4153 1068 4218 Ieroaiuius
1109 4152 1146 4215 de
1186 4151 1341 4216 hebraicis

194 4259 386 4341 queastiouib,
409 4263 437 4322 el
460 4259 497 4324 cle
519 4259 672 4326 lccbruicis
695 4247 781 4338 uo—ib3
806 4265 834 4324 ct
857 4259 894 4323 cle
914 4261 1017 4325 locoru
1039 4246 1125 4337 obilu
1146 4266 1173 4323 ct
1191 4264 1340 4324 retractu-

221 4382 316 4424 XXXVI
333 4384 391 4431 Aug.
407 4384 477 4423 sectio
492 4385 503 4422 1
516 4394 569 4433 pars
583 4381 596 4422 2
1285 4364 1302 4417 b
