3136 5036
592 400 809 456 Praefatio
1155 408 1276 472 XVIIII

138 615 201 660 curn
225 597 313 677 parte
338 595 467 660 alterius
491 595 564 660 libri
584 597 732 662 continet.
753 598 869 662 desinit
889 601 1020 665 enimin
1041 601 1277 666 Retractatione

137 699 233 784 operis
266 700 317 764 Dc
353 699 468 764 Genesi
501 700 543 764 od
575 701 711 766 litteram
744 704 798 786 (Π,
836 705 891 784 50)
928 707 1003 787 post
1040 705 1139 769 uerba
1166 704 1275 788 soct’c,

134 805 302 888 perdidisse
327 813 456 887 peccato
484 810 527 890 (p.
561 810 632 885 160,
665 808 728 893 11).
758 809 838 874 liber
869 810 900 874 in
935 812 1020 876 calos
1048 811 1117 876 folii
1148 814 1178 875 1¹
1197 813 1277 877 hauc

20 959 21 1014 ᾗ
134 914 391 1012 Inscriptionem-
391 933 409 977 a
432 935 473 980 m.
498 915 557 979 XV
581 935 604 980 s.
625 916 763 980 additam
784 918 923 982 exhibet:
948 919 1011 982 Istc
1030 917 1125 981 Liber
1144 924 1186 982 est
1206 939 1274 983 corc-

20 1077 21 1080 ,
134 1023 313 1105 prelationis
335 1026 379 1086 ste
393 1021 514 1097 1001000
534 1022 570 1086 de
583 1021 714 1103 podica:
734 1023 870 1104 deputat
886 1033 917 1087 rr'r
931 1025 996 1105 (uel
1014 1025 1062 1110 01)
1082 1026 1214 1090 0000037
1232 1013 1279 1089 sci

136 1130 277 1192 6000000
309 1130 335 1192 d
362 1129 504 1210 aecpob‘:
536 1128 651 1212 sipaot'
684 1138 714 1192 01
746 1117 792 1195 aa
826 1130 850 1196 S
882 1117 943 1196 000)
978 1118 1070 1198 VO}
1085 1179 1087 1184 -
1104 1133 1277 1216 scripturas

135 1241 236 1300 autem
269 1237 365 1302 huius
397 1235 480 1313 libri,
515 1255 587 1300 cum
620 1256 748 1319 prorsus
783 1239 863 1302 nihil
895 1240 973 1304 utile
1011 1239 1050 1304 ad
1087 1239 1278 1304 emendanda

135 1344 226 1407 uerba
246 1342 411 1425 scriptoris
431 1343 645 1426 suppeditent,
665 1347 790 1408 tuntum
810 1346 945 1429 exempli
964 1364 1061 1412 causa
1083 1347 1114 1410 in
1139 1346 1276 1428 quinque

20 1463 21 1544 f
135 1451 247 1534 prirnis¹
265 1449 358 1532 primi
380 1450 454 1514 libri
478 1450 636 1532 capitibus
662 1452 855 1516 adnotandas
881 1470 950 1518 esse
975 1452 1058 1517 duxi.

174 1557 261 1622 Haec
285 1557 349 1620 fere
374 1557 412 1620 de
436 1556 600 1622 codicibus
625 1558 758 1622 dicenda
782 1565 864 1637 suut,
890 1560 944 1642 qui
968 1579 1120 1624 omnesa
1142 1571 1279 1641 me'qua

20 1665 21 1674 ²
135 1663 220 1748 potui
244 1683 320 1728 cura
343 1664 468 1729 excussi
492 1667 567 1729 sunt
588 1668 712 1747 praetor
734 1666 967 1731 Vercelleusem
993 1671 1025 1731 et
1049 1666 1277 1744 Seianianum,

20 1841 21 1856 ἶ
136 1791 210 1854 quos
235 1771 424 1836 Franciscus
449 1772 554 1852 Klein,
580 1776 611 1837 et
635 1774 813 1838 Parisinum
837 1776 872 1851 P,
899 1793 991 1858 quem
1012 1774 1143 1840 Carolus
1163 1773 1278 1838 Wotke

135 1869 238 1942 merim
262 1879 293 1942 in
318 1899 414 1943 usum
439 1881 585 1947 contulit.

176 1986 237 2050 llas
266 2005 341 2051 uero
371 1987 632 2068 Retractationes,
663 2007 743 2070 quae
772 1989 856 2052 haud
883 2009 952 2053 raro
986 1989 1017 2053 in
1048 1989 1138 2054 libris
1170 2008 1279 2054 manu-

136 2093 258 2176 scriptis
291 2094 425 2177 singulis
453 2095 625 2178 Augustini
654 2096 816 2178 opusculis
844 2097 1036 2178 praemissae
1064 2096 1278 2173 inueniuntur,

136 2201 276 2265 consulto
296 2201 429 2285 neglexi,
450 2221 487 2265 ne
507 2202 623 2266 molem
649 2201 860 2267 adnotationis
884 2203 978 2267 nimis
1003 2223 1160 2287 augerem,
1184 2203 1278 2285 idque

137 2327 170 2372 eo
197 2309 358 2386 libentius
390 2329 461 2374 curn
495 2329 614 2387 omues,
647 2313 804 2391 quotquot
835 2310 914 2374 mihi
946 2311 1150 2374 innotuerunt
1182 2308 1278 2374 huius

20 2451 22 2508 Q
137 2415 217 2481 modi
241 2416 506 2496 Retractationes,
530 2417 609 2481 nihil
634 2417 759 2482 omnino
784 2419 859 2482 noui
882 2419 935 2481 uel
957 2418 1047 2500 probi
1071 2417 1110 2482 ad
1136 2416 1279 2481 emenda·

20 2509 22 2550 ³
137 2523 252 2587 tionem
280 2523 496 2606 suppeditent,
525 2525 608 2606 quod
636 2544 696 2589 non
725 2524 756 2589 in
786 2525 891 2607 aliquo
925 2523 1108 2589 alterutrius
1141 2523 1278 2587 familiae

20 2633 22 2686 l
136 2630 211 2695 libro
236 2631 391 2714 scriptum
415 2632 552 2716 legatur3
577 2633 668 2697 uelut
691 2633 885 2697 Retractatio
909 2632 991 2709 libri,
1017 2632 1068 2696 cui
1096 2631 1279 2695 inscribitur

20 2723 21 2748 ³
136 2736 183 2800 De
214 2737 338 2802 duobos
369 2739 540 2802 animabus
571 2739 610 2824 (Ι,
646 2738 711 2824 14),
751 2759 830 2821 quae
867 2739 899 2802 in
937 2739 1045 2803 codice
1082 2736 1278 2802 Bruxelleusi

137 2865 160 2908 s.
192 2845 220 2908 X
253 2865 280 2908 n.
316 2846 546 2911 10796-800
578 2847 610 2909 in
647 2846 749 2910 fronte
787 2846 893 2910 addita
929 2846 1055 2931 legitur,
1094 2863 1222 2928 prorsus
1260 2863 1277 2907 a

137 2951 295 3016 codicibus
321 2951 374 3017 OD
399 2953 524 3035 pendet,
548 2955 584 3016 ut
606 2953 678 3017 inde
702 2953 862 3035 descripta
885 2972 954 3018 esse
978 2952 1134 3016 uideatur.

20 3127 22 3150 ,
176 3060 303 3124 Praeter
331 3059 456 3125 codices
484 3061 716 3144 manuscriptos
745 3061 776 3124 in
809 3059 1009 3126 recensendis
1042 3059 1148 3124 uerbis
1181 3059 1277 3122 etiam

20 3173 21 3240 g
136 3166 285 3232 editiones
302 3168 449 3232 consului
462 3167 744 3232 Amerbachianam
759 3166 917 3252 (Basileae
935 3167 1032 3246 1506)
1047 3166 1277 3229 Lounnieusem

135 3273 320 3356 (hntverpae
347 3275 444 3354 1577)
468 3274 645 3339 Maurinam
668 3274 813 3360 (Parisiis
836 3272 935 3360 1679)
961 3278 992 3337 et
1016 3291 1095 3354 quae
1118 3272 1148 3335 in
1169 3271 1277 3336 Amer-

134 3381 283 3444 bachiana
308 3383 339 3444 et
362 3381 506 3445 Maurius
529 3382 749 3464 discrepabant
772 3380 883 3446 scdulo
908 3380 1066 3445 adnotari.
1174 3392 1177 3396 ’

175 3488 364 3570 Priusquam
376 3491 481 3552 autern
496 3488 657 3571 praefandi
676 3473 776 3552 finem
789 3488 912 3566 faciam,
933 3489 1034 3552 facere
1053 3506 1113 3550 non
1133 3506 1275 3567 possum,

20 3663 21 3680 ,
134 3595 204 3676 quin
221 3613 357 3660 errorem
374 3595 547 3673 emendem,
563 3615 656 3678 quem
673 3595 886 3673 admisimus
907 3596 1012 3676 spreta
1031 3593 1166 3658 lectione
1182 3592 1275 3657 libro-

20 3751 24 3756 ·
132 3722 198 3766 rum
210 3701 264 3767 01)
276 3701 465 3785 scripturam
477 3703 608 3766 alterius
624 3702 761 3767 familiae
777 3703 809 3766 in
825 3704 946 3766 textum
962 3701 1148 3783 recipcrem3
1163 3719 1275 3783 parum

132 3809 211 3873 enim
236 3808 433 3873 considerate
456 3829 485 3890 p.
510 3810 562 3886 80,
588 3811 607 3872 4
637 3810 764 3893 scripsi:
793 3830 862 3873 0000
892 3807 1029 3872 00700000
1054 3857 1060 3871 .
1083 3861 1088 3873 ,
1109 3857 1116 3871 .
1137 3857 1143 3870 .
1168 3805 1275 3868 debere

130 3915 316 3980 Mooc'cbeos
329 3936 366 3978 ac
379 3916 445 3978 icoc
453 3935 546 3996 posse
561 3918 734 3992 0οο0000,
746 3917 929 3982 sioutlocus
942 3916 1125 3980 simillimus
1137 3913 1276 3979 ostendit

131 4043 159 4106 p.
181 4025 255 4102 185,
277 4025 328 4101 14,
349 4022 403 4086 ubi
422 4022 621 4107 Augustinus
647 4025 684 4088 de
702 4024 880 4090 Donatistis
904 4022 1071 4087 haereticis
1091 4021 1180 4085 dicit:
1201 4040 1275 4100 qao-

131 4129 418 4210 0000000001603
436 4131 605 4194 cribraret
616 4153 659 4194 ur
678 4130 728 4194 orel
745 4132 849 4195 uicti
868 4151 933 4195 csse
950 4133 1176 4204 ororrstroatar,
1197 4147 1274 4190 cora-

20 4233 21 4284 1
131 4236 221 4301 rrrodo
234 4238 386 4301 breuitate
402 4237 612 4317 corcplccb'tor.
623 4239 819 4303 restituenda
832 4238 931 4321 igitur
946 4240 995 4300 est
1009 4236 1165 4318 scriptura
1180 4235 1273 4297 libro-

20 4321 22 4388 I
131 4365 196 4409 rum
217 4345 287 4410 ab:
309 4342 416 4408 debore
429 4345 614 4410 Morcicbeos
633 4366 670 4410 oc
687 4347 754 4408 iam
765 4365 859 4426 posse
877 4345 1006 4421 00000,Ι
1025 4344 1062 4408 cf.
1082 4363 1110 4426 p.
1129 4343 1201 4416 178,
1220 4343 1271 4403 12.

1205 4443 1238 4496 bs
