3136 5036
661 381 872 436 Praelatio.
1276 388 1335 454 XV

51 558 53 562 ¹
175 573 234 638 dei
252 575 292 638 ad
306 575 523 660 Augustinum
539 595 611 640 oum
626 575 706 641 libro
721 575 894 660 Augustini
910 577 948 641 de
963 579 1134 662 nonaginta
1152 580 1335 645 haeresibus

175 683 337 748 continet.
366 684 619 748 Retractationes
648 687 755 748 autem
782 683 855 747 inde
884 703 902 747 a
930 685 985 749 fol.
1014 687 1047 750 2¹
1070 686 1108 751 ad
1136 687 1190 752 fol.
1221 689 1275 752 82Ι
1299 708 1335 753 eo

177 790 295 854 ordine
324 789 458 874 scriptas
487 789 623 864 exhibet,
652 792 688 854 ut
715 790 883 871 praecedat
909 792 1061 874 prologus
1094 791 1161 874 (fol.
1191 795 1334 880 222⁰),

177 901 361 978 sequantur
393 895 534 979 capitula
569 894 637 980 (fol.
675 896 810 981 2¹¹-4¹)
847 915 919 962 oum
956 901 1091 978 utroque
1127 898 1217 963 libro.
1254 900 1335 965 liber

176 1003 315 1068 uicenos
339 1003 430 1067 binos
454 1021 567 1068 uersus
592 1003 623 1066 in
647 1003 782 1086 singulis
805 1003 930 1088 paginis
954 1003 1060 1082 habet,
1085 1004 1204 1088 singuli
1227 1009 1333 1070 autern

176 1129 297 1174 uersus
325 1110 457 1174 48-50
486 1109 663 1174 litterarum
698 1129 768 1175 esse
801 1111 1015 1192 perhibentur.
1049 1111 1147 1176 uerba
1178 1121 1334 1178 corrector

177 1219 241 1280 aut
264 1235 359 1299 supra
381 1236 495 1282 uersus
519 1220 576 1282 aut
598 1217 630 1280 ln
654 1218 851 1302 marginibus
875 1218 1040 1282 emendare
1063 1221 1194 1284 conatus
1218 1223 1278 1284 est.
1302 1220 1333 1283 in

174 1323 262 1387 folio
283 1326 313 1388 Γ
326 1324 491 1407 inscriptio
510 1325 645 1408 margini
665 1325 820 1408 superiori
844 1327 979 1409 ascripta
1003 1325 1132 1406 indicat,
1157 1326 1248 1391 cuins
1272 1327 1333 1391 iste

174 1429 264 1494 liber
298 1432 404 1502 suerit.
443 1436 611 1514 antequam
647 1432 678 1496 in
715 1432 944 1498 bibliothecam
976 1432 1189 1500 Oolbertinam
1227 1435 1331 1510 uenit;

175 1557 295 1602 nomen
323 1542 429 1604 sutem
457 1540 641 1604 monasterii
670 1540 815 1604 consulto
845 1559 970 1604 erasum
998 1558 1079 1604 nunc
1111 1541 1175 1624 legi
1207 1540 1330 1622 nequiit

176 1641 248 1706 Hic
270 1649 314 1707 cci
341 1643 418 1708 liber
440 1645 478 1709 de
500 1646 641 1708 armario
664 1645 784 1730 filliis!
807 1648 889 1722 terii,
914 1647 1057 1728 quisquis
1083 1668 1152 1710 cum
1166 1647 1331 1729 sacrocera'l

174 1757 240 1815 aad
259 1751 373 1834 folium
401 1753 550 1818 inciderit
573 1753 739 1818 anathema
766 1755 817 1818 sii.
845 1753 934 1818 tituli
962 1757 994 1818 et
1020 1754 1112 1818 initia
1140 1754 1280 1837 capitum
1312 1773 1331 1816 a

175 1858 308 1924 librario
331 1860 448 1924 litteris
472 1860 652 1926 uncialibus
675 1860 816 1925 miniatis
840 1861 925 1942 picta
950 1863 1033 1926 sunt.
1057 1859 1199 1925 codicem
1223 1864 1329 1926 autern

174 1969 352 2046 parentem,
367 1967 450 2030 unde
466 1968 490 2030 P
505 1967 604 2048 finxit,
619 1967 725 2049 ipsum
739 1968 854 2032 lacuna
873 1967 1084 2033 deformatum
1103 1967 1202 2032 fuisse
1221 1967 1328 2032 hiatus

175 2073 329 2146 ostendit,
341 2074 394 2156 qui
405 2077 455 2138 est
464 2074 489 2151 Ι,
501 2075 554 2152 22,
564 2076 652 2138 2-5
665 2074 709 2160 (p.
721 2075 794 2152 106,
807 2075 970 2152 10-109,
981 2073 1014 2158 3)
1023 2097 1030 2149 ;
1040 2074 1071 2137 in
1082 2073 1190 2138 codice
1201 2078 1327 2157 parente

174 2178 292 2242 folium
302 2198 401 2242 unum
412 2181 561 2244 auulsum
576 2198 646 2245 esse
659 2179 797 2247 uidetur.
813 2179 949 2244 scribam
965 2183 1070 2244 autern
1086 2179 1239 2244 codieiSP
1254 2199 1327 2245 oum

177 2284 259 2348 haec
269 2305 318 2349 res
333 2287 365 2350 fu
370 2291 469 2370 geret,
479 2288 577 2352 uerba
590 2307 669 2368 quac
683 2286 752 2351 areli
763 2289 795 2352 et
805 2286 874 2350 diat
884 2291 1024 2350 nostrone
1038 2287 1115 2350 nihil
1127 2286 1222 2368 spatii
1231 2287 1326 2352 inter·-

174 2393 308 2458 mittens
319 2394 496 2478 descripsit.
507 2414 600 2477 quam
610 2396 757 2459 lacunam
766 2395 805 2472 ts,
818 2393 872 2475 qui
881 2394 998 2460 librum
1007 2396 1118 2476 postea
1132 2393 1323 2472 emendanti,

174 2499 324 2582 obtegere
335 2504 468 2566 conatus
479 2504 538 2580 est,
550 2520 621 2566 curn
632 2501 764 2565 uerbum
776 2497 1053 2585 dica(p.109‚3)in
1065 2499 1322 2564 diceremutaret.

172 2606 273 2670 codex
287 2608 311 2670 P
326 2612 486 2691 praeterea
506 2629 543 2673 ea
560 2628 593 2672 re
611 2608 747 2692 insignis
766 2611 827 2687 est,
847 2607 933 2690 qnod
950 2607 982 2671 in
1001 2607 1286 2691 eiusmarginibus
1305 2627 1323 2670 a

173 2732 268 2778 manu
300 2715 436 2780 fortasse
459 2715 535 2780 XVI
562 2717 615 2780 uel
642 2715 733 2780 XVII
757 2718 876 2781 saeculi
902 2716 1090 2799 paragraphi
1117 2715 1230 2780 iisdem
1259 2715 1322 2778 fere

173 2821 324 2899 numeris,
335 2822 389 2903 qui
403 2822 434 2885 in
449 2823 508 2886 hac
518 2821 655 2886 editione
667 2841 684 2886 a
694 2841 744 2887 me
755 2822 855 2887 additi
865 2825 950 2899 sunt,
965 2825 1093 2888 notatae
1106 2821 1321 2886 inueniuntur.

218 2928 546 3012 Bambergensis‚
575 2950 605 2993 n.
633 2930 670 2994 B.
698 2930 756 3005 III,
788 2931 828 2995 16
861 2929 1017 3012 signatus,
1051 2919 1365 3005 membranaceusss

172 3033 296 3097 X-XI
316 3053 350 3111 s.‚
366 3034 516 3099 foliorum
532 3035 586 3112 98,
602 3036 675 3099 0·27
687 3055 718 3097 m
734 3036 830 3114 altus,
845 3033 1319 3112 0·19m1atus‚miscellaneus,

170 3159 191 3202 a
209 3139 264 3204 foi.
285 3142 302 3204 1
329 3139 369 3204 ad
391 3141 445 3205 fol.
465 3142 505 3206 51
527 3140 668 3224 integros
686 3141 960 3205 Retractationum
978 3141 1076 3206 libros
1097 3159 1169 3204 curn
1187 3141 1318 3224 prologo

168 3247 322 3310 continet.
337 3246 399 3310 fuit
412 3247 474 3310 iste
487 3246 569 3311 liber·
583 3246 656 3311 olim
677 3247 889 3313 bibliothecae
904 3246 1087 3312 monasterii
1102 3244 1133 3312 S.
1149 3245 1320 3312 elichaeles

168 3351 266 3416 Arcb.
304 3351 547 3435 Banaberpeasis
583 3352 619 3416 F
651 3359 707 3428 26,
745 3355 830 3418 sicut
864 3354 1086 3437 inscriptiones
1122 3353 1317 3437 marginibus

167 3460 320 3523 foliorum
343 3463 373 3522 1¹
392 3465 424 3525 et
442 3464 474 3525 2¹
492 3461 657 3545 appositae
679 3463 845 3526 testantur.
868 3463 899 3526 in
923 3461 1000 3526 folio
1027 3464 1057 3524 1¹
1076 3461 1230 3544 scriptum
1255 3465 1316 3526 est:

171 3565 278 3628 Coelae
300 3553 407 3630 mbsffl
427 3553 479 3631 cli
490 3567 630 3630 aciobocl'
654 3569 690 3631 ira
708 3573 796 3643 roceto,
817 3571 848 3632 et
866 3568 897 3632 in
917 3567 993 3633 folio
1014 3569 1044 3630 2¹
1060 3586 1078 3630 a
1096 3587 1192 3632 manu
1211 3569 1317 3632 XVIII

165 3671 304 3737 fortasse
329 3674 466 3738 saeculi:
491 3661 613 3739 Molee
637 3673 671 3740 S.
690 3675 790 3738 Micb.
815 3673 909 3740 Arcb.
938 3673 972 3738 O.
997 3672 1029 3739 S.
1048 3673 1089 3741 Β.
1108 3674 1314 3757 Boroborpoo.

164 3780 199 3842 in
226 3780 443 3846 calceantem
472 3782 542 3846 folii
566 3784 619 3846 98¹
638 3783 670 3846 hi
699 3783 852 3847 uersiculi
881 3803 898 3846 a
926 3783 1079 3846 monacho
1108 3782 1244 3864 quodam
1270 3783 1314 3846 XI

163 3887 220 3949 uel
244 3886 305 3950 XII
329 3888 447 3952 saeculi
472 3890 598 3952 conflati
622 3890 785 3972 leguntur:

332 4010 482 4075 Glausai
506 4011 587 4074 crocle
610 4013 651 4076 sii
673 4013 722 4074 bie
746 4014 774 4075 si
796 4013 877 4092 forle
901 4012 978 4076 liber
1000 4012 1163 4076 debilitatior

328 4118 565 4201 babenbergensi
588 4119 670 4201 quod
692 4121 733 4182 se
757 4119 793 4182 de
816 4125 917 4183 monte
940 4121 1059 4183 satiram·

331 4223 391 4302 Qui
414 4225 617 4304 fraudabere
638 4225 719 4289 latrare
742 4226 938 4288 orrotbemccle
953 4228 1156 4306 pernotabo

327 4335 355 4393 ei
378 4335 503 4412 sobopre
525 4332 677 4396 orcirleabcl
700 4353 769 4396 errice
791 4332 935 4395 rrircdc'cta
957 4337 1114 4412 sepiantur.
